<?xml version="1.0" encoding="UTF-8"?><collection xmlns="http://www.loc.gov/MARC21/slim"><record><leader>00447nam--2200169-i-4500</leader><controlfield tag="001">000009213</controlfield><controlfield tag="002">20161230</controlfield><controlfield tag="005">20161230201028</controlfield><controlfield tag="008">060222s1000------------r-----000-0-eng-d</controlfield><datafield ind1=" " ind2=" " tag="040"><subfield code="a">IFIN-HH</subfield></datafield><datafield ind1=" " ind2=" " tag="080"><subfield code="a">530.1(042):539.142(042.4)</subfield></datafield><datafield ind1="1" ind2=" " tag="100"><subfield code="a">Levy, M</subfield></datafield><datafield ind1="1" ind2="0" tag="245"><subfield code="a">Cargese lectures in physics. vol. 2</subfield><subfield code="c">M. levy (ed.)</subfield></datafield><datafield ind1=" " ind2=" " tag="260"><subfield code="a">New York</subfield><subfield code="b">Gordon And Breach</subfield><subfield code="c">1968</subfield></datafield><datafield ind1=" " ind2=" " tag="300"><subfield code="a">VII +424 P</subfield></datafield><datafield ind1=" " ind2=" " tag="852"><subfield code="a">31069</subfield><subfield code="c">53</subfield></datafield><datafield ind1=" " ind2=" " tag="CAT"><subfield code="a">Sys</subfield><subfield code="c">20150220</subfield><subfield code="h">113950</subfield></datafield></record></collection>